@article{CommandLineTools11,
author = "Chad Perrin",
title = "Five benefits of command line tools",
journal = "techrepublic.com",
year = "2011",
note = "Accessed: 2016-12-30"
}

@misc{OldCommits,
  title = "Viewing old commits",
  author = "Atlassian",
  howpublished = "\url{https://www.atlassian.com/git/tutorials/viewing-old-commits/}",
  note = "Accessed: 2016-12-30"
}
@book{GitBranch,
title = "Pro Git",
author = "Scott Chacon, Ben Straub",
edition = "second",
year = "2014",
publisher = "Apress",
pages = "114-116"
}
